<record><leader>00000cas a22000007a 4500</leader><controlfield tag="001">15118142</controlfield><controlfield tag="008">870127d19171919txuwr ne     o0    0eng d</controlfield><datafield ind1=" " ind2=" " tag="010"><subfield code="a">sn 86090853 </subfield></datafield><datafield ind1=" " ind2=" " tag="040"><subfield code="a">PPM</subfield><subfield code="b">eng</subfield><subfield code="c">PPM</subfield><subfield code="d">OCLCQ</subfield><subfield code="d">VA@</subfield><subfield code="d">OCLCQ</subfield><subfield code="d">OCLCF</subfield><subfield code="d">OCLCO</subfield></datafield><datafield ind1=" " ind2=" " tag="042"><subfield code="a">msc</subfield></datafield><datafield ind1=" " ind2=" " tag="043"><subfield code="a">n-us-tx</subfield></datafield><datafield ind1="0" ind2=" " tag="130"><subfield code="a">Trench and camp (Houston, Tex. : 1917)</subfield></datafield><datafield ind1="1" ind2="0" tag="245"><subfield code="a">Trench and camp.</subfield></datafield><datafield ind1=" " ind2=" " tag="250"><subfield code="a">Ed. for Camp Logan, Houston, Tex.</subfield></datafield><datafield ind1=" " ind2=" " tag="260"><subfield code="a">Houston, Tex. :</subfield><subfield code="b">[s.n.]</subfield></datafield><datafield ind1=" " ind2=" " tag="310"><subfield code="a">Weekly</subfield></datafield><datafield ind1="1" ind2=" " tag="362"><subfield code="a">Began in 1917; ceased in 1919?</subfield></datafield><datafield ind1=" " ind2=" " tag="500"><subfield code="a">"Printed weekly for the Y.M.C.A. by courtesy of the Houston Post."</subfield></datafield><datafield ind1=" " ind2=" " tag="500"><subfield code="a">Published under auspices of the National War Work Council, Y.M.C.A. of the United States.</subfield></datafield><datafield ind1=" " ind2=" " tag="588"><subfield code="a">Description based on: Vol. 2, no. 14 (Jan. 15, 1919).</subfield></datafield><datafield ind1=" " ind2="0" tag="651"><subfield code="a">Houston (Tex.)</subfield><subfield code="v">Newspapers.</subfield></datafield><datafield ind1=" " ind2="7" tag="655"><subfield code="a">Newspapers.</subfield><subfield code="2">fast</subfield><subfield code="0">(OCoLC)fst01423814</subfield></datafield><datafield ind1=" " ind2="7" tag="651"><subfield code="a">Texas</subfield><subfield code="z">Houston.</subfield><subfield code="2">fast</subfield><subfield code="0">(OCoLC)fst01205077</subfield></datafield><datafield ind1=" " ind2=" " tag="752"><subfield code="a">United States</subfield><subfield code="b">Texas</subfield><subfield code="c">Harris</subfield><subfield code="d">Houston.</subfield></datafield></record>